@mastersthesis{刘建华2021城市轨道交通牵引供变电系统事故应急及安全保障研究,
  title={城市轨道交通牵引供变电系统事故应急及安全保障研究},
  author={刘建华},
  year={2021},
  school={中国铁道科学研究院}
}
@article{胡颖2020城市轨道交通供电系统对电网的影响及控制,
  title={城市轨道交通供电系统对电网的影响及控制},
  author={胡颖},
  journal={建材技术与应用},
  volume={1},
  pages={38--41},
  year={2020}
}
@phdthesis{柴段鲲2017城市轨道交通直流供电系统故障建模与保护仿真系统开发,
  title={城市轨道交通直流供电系统故障建模与保护仿真系统开发},
  author={柴段鲲},
  year={2017},
  school={北京: 北京交通大学}
}
@article{王蛟2016城市轨道交通低压配电继电保护整定方法,
  title={城市轨道交通低压配电继电保护整定方法},
  author={王蛟 and 张刚},
  journal={城市轨道交通研究},
  volume={19},
  number={8},
  pages={15--19},
  year={2016}
}
@mastersthesis{郑大千2015轨道交通直流牵引系统继电保护研究及仿真软件开发,
  title={轨道交通直流牵引系统继电保护研究及仿真软件开发},
  author={郑大千},
  year={2015},
  school={浙江大学}
}
@mastersthesis{黄树智2014城市轨道交通中压环网继电保护方式研究,
  title={城市轨道交通中压环网继电保护方式研究},
  author={黄树智},
  year={2014},
  school={东北大学}
}
@article{韩冶2013数字化变电站技术在城市轨道交通的应用研究,
  title={数字化变电站技术在城市轨道交通的应用研究},
  author={韩冶},
  journal={电气应用},
  number={12},
  pages={45--48},
  year={2013}
}
@mastersthesis{赖隆发2013一种轨道交通保护配置优化探讨,
  title={一种轨道交通保护配置优化探讨},
  author={赖隆发},
  year={2013},
  school={福州大学}
}
@article{刘春明2012地铁,
  title={地铁 OCC 电力调度仿真培训系统继电保护模块的开发},
  author={刘春明 and 刘德强 and 杨泽平 and 罗世荣},
  journal={机车电传动},
  number={4},
  pages={61--63},
  year={2012}
}
@phdthesis{鲁小兵2012城市轨道交通远端短路电流鉴别研究,
  title={城市轨道交通远端短路电流鉴别研究 [D]},
  author={鲁小兵},
  year={2012},
  school={西南交通大学}
}
@mastersthesis{余龙2010城市轨道交通中压环网继电保护方案的优化设计,
  title={城市轨道交通中压环网继电保护方案的优化设计},
  author={余龙},
  year={2010},
  school={华南理工大学}
}
@article{王渤2010多车直流牵引供电系统继电保护研究,
  title={多车直流牵引供电系统继电保护研究},
  author={王渤},
  journal={吲. 南京理工大学},
  year={2010},
  publisher={万方数据资源系统}
}
@article{zhu2021design,
  title={Design and Field Application of DC and Harmonic Suppression System for Neutral Current in 220 kV Substation},
  author={Zhu, Jinli and Mao, Chengxiong and Liu, Bin and Wang, Zhaoyuan and Wang, Dan and Wang, Haijing},
  journal={IEEE Transactions on Industrial Electronics},
  volume={69},
  number={8},
  pages={7560--7570},
  year={2021},
  publisher={IEEE}
}
@inproceedings{li2023design,
  title={Design and debugging of subway standby mode hardware circuit based on LCU},
  author={Li, Dan and Huang, Jianfeng},
  booktitle={Seventh International Conference on Mechatronics and Intelligent Robotics (ICMIR 2023)},
  volume={12779},
  pages={120--125},
  year={2023},
  organization={SPIE}
}
@inproceedings{li2020research,
  title={Research on relay contact conversion model based on nonlinear least square method},
  author={Li, Cong and Li, Zhiwei and Li, Tao and Zhu, JunChao and Li, Jianwen and Zhang, Baofeng},
  booktitle={2020 5th International Conference on Electromechanical Control Technology and Transportation (ICECTT)},
  pages={89--92},
  year={2020},
  organization={IEEE}
}
@article{yanquan2004research,
  title={Research of implementing least squares in digital distance relaying for AC electrified railway},
  author={Yanquan, Huang and Yong, Cai and Jian, Xiao and Lei, Tang and Jin, Li},
  year={2004},
  publisher={IET}
}
@article{cho2016study,
  title={A study on the distance relay operation characteristics for Korean single track AC electrical railway system},
  author={Cho, GJ and Ryu, KS and Lee, HD and Heo, SH and Kim, HD and Kim, CH and Kwon, SI},
  year={2016},
  publisher={IET}
}
@article{sun2018novel,
  title={A novel life prediction method for railway safety relays using degradation parameters},
  author={Sun, Yongkui and Cao, Yuan and Zhang, Yuzhuo and Xu, Chaofan},
  journal={IEEE Intelligent Transportation Systems Magazine},
  volume={10},
  number={3},
  pages={48--56},
  year={2018},
  publisher={IEEE}
}
